<?xml version="1.0" encoding="UTF-8"?><collection xmlns="http://www.loc.gov/MARC21/slim"><record><leader>00471nam--2200133-i-4500</leader><controlfield tag="001">000046290</controlfield><controlfield tag="002">20161230</controlfield><controlfield tag="005">20161230201045</controlfield><controlfield tag="008">060222s1000------------r-----000-0-eng-d</controlfield><datafield ind1=" " ind2=" " tag="080"><subfield code="a">621.341.6</subfield></datafield><datafield ind1=" " ind2=" " tag="100"><subfield code="a">Vandeplanque, P</subfield></datafield><datafield ind1=" " ind2=" " tag="245"><subfield code="a">Premiere partie: modification de la caracteristique de tension d`un montage redresseur-applications. second partie: la fluidique. principes-proprietes-performances. these</subfield></datafield><datafield ind1=" " ind2=" " tag="260"><subfield code="a">Lille, Faculte Des Sciences, 1969, 30p</subfield></datafield><datafield ind1=" " ind2=" " tag="852"><subfield code="a">34367</subfield></datafield></record></collection>